@article {CLR,
    AUTHOR = {Chiloyan, Garen and Lozano-Robledo, \'{A}lvaro},
     TITLE = {A classification of isogeny-torsion graphs of {$\Bbb
              Q$}-isogeny classes of elliptic curves},
   JOURNAL = {Trans. London Math. Soc.},
  FJOURNAL = {Transactions of the London Mathematical Society},
    VOLUME = {8},
      YEAR = {2021},
    NUMBER = {1},
     PAGES = {1--34},
   MRCLASS = {11G05 (14H52)},
  MRNUMBER = {4203041},
MRREVIEWER = {Timo Keller},
       DOI = {10.1112/tlm3.12024},
       URL = {https://doi.org/10.1112/tlm3.12024},
}

@article {DD,
    AUTHOR = {Dokchitser, Tim and Dokchitser, Vladimir},
     TITLE = {Local invariants of isogenous elliptic curves},
   JOURNAL = {Trans. Amer. Math. Soc.},
  FJOURNAL = {Transactions of the American Mathematical Society},
    VOLUME = {367},
      YEAR = {2015},
    NUMBER = {6},
     PAGES = {4339--4358},
      ISSN = {0002-9947},
   MRCLASS = {11G07 (11G05 11G40)},
  MRNUMBER = {3324930},
MRREVIEWER = {Mahesh Kakde},
       DOI = {10.1090/S0002-9947-2014-06271-5},
       URL = {https://doi.org/10.1090/S0002-9947-2014-06271-5},
}

@article {PAL,
    AUTHOR = {Pal, Vivek},
     TITLE = {Periods of quadratic twists of elliptic curves},
      NOTE = {With an appendix by Amod Agashe},
   JOURNAL = {Proc. Amer. Math. Soc.},
  FJOURNAL = {Proceedings of the American Mathematical Society},
    VOLUME = {140},
      YEAR = {2012},
    NUMBER = {5},
     PAGES = {1513--1525},
      % ISSN = {0002-9939},
   MRCLASS = {11G40 (11G05)},
  MRNUMBER = {2869136},
MRREVIEWER = {Damian R\"{o}ssler},
      % DOI = {10.1090/S0002-9939-2011-11014-1},
      % URL = {https://doi.org/10.1090/S0002-9939-2011-11014-1},
}

@article {STEVENS,
    AUTHOR = {Stevens, Glenn},
     TITLE = {Stickelberger elements and modular parametrizations of
              elliptic curves},
   JOURNAL = {Invent. Math.},
  FJOURNAL = {Inventiones Mathematicae},
    VOLUME = {98},
      YEAR = {1989},
    NUMBER = {1},
     PAGES = {75--106},
      ISSN = {0020-9910},
   MRCLASS = {11G05 (11F11)},
  MRNUMBER = {1010156},
MRREVIEWER = {Sheldon Kamienny},
       DOI = {10.1007/BF01388845},
       URL = {https://doi.org/10.1007/BF01388845},
}

@article {VATSAL,
    AUTHOR = {Vatsal, V.},
     TITLE = {Multiplicative subgroups of {$J_0(N)$} and applications to
              elliptic curves},
   JOURNAL = {J. Inst. Math. Jussieu},
  FJOURNAL = {Journal of the Institute of Mathematics of Jussieu. JIMJ.
              Journal de l'Institut de Math\'{e}matiques de Jussieu},
    VOLUME = {4},
      YEAR = {2005},
    NUMBER = {2},
     PAGES = {281--316},
      ISSN = {1474-7480},
   MRCLASS = {11G18 (11G05)},
  MRNUMBER = {2135139},
MRREVIEWER = {Thomas A. Weston},
       DOI = {10.1017/S147474800500006X},
       URL = {https://doi.org/10.1017/S147474800500006X},
}
		
